/Users/steven/Documents/bibtex/library.bib